@misc{realsense-sdk,
  title={Intel® RealSense™ SDK 2.0},
  year={2018},
  howpublished={\url{https://github.com/IntelRealSense/librealsense}}
}

@misc{pyrealsense2-doc,
  author =       {Intel Realsense Team},
  title =        {pyrealsense2’s documentation},
  howpublished = {\url{https://intelrealsense.github.io/librealsense/python_docs/index.html}},
  year =         {2017}
}

@article{he2018mask,
  author       = {Kaiming He and
                  Georgia Gkioxari and
                  Piotr Doll{\'{a}}r and
                  Ross B. Girshick},
  title        = {Mask {R-CNN}},
  journal      = {CoRR},
  volume       = {abs/1703.06870},
  year         = {2017},
  url          = {http://arxiv.org/abs/1703.06870},
  eprinttype    = {arXiv},
  eprint       = {1703.06870},
  timestamp    = {Mon, 13 Aug 2018 16:46:36 +0200},
  biburl       = {https://dblp.org/rec/journals/corr/HeGDG17.bib},
  bibsource    = {dblp computer science bibliography, https://dblp.org}
}

@misc{matterport_maskrcnn_2017,
  title={Mask R-CNN for object detection and instance segmentation on Keras and TensorFlow},
  author={Waleed Abdulla},
  year={2017},
  publisher={Github},
  journal={GitHub repository},
  howpublished={\url{https://github.com/matterport/Mask_RCNN}},
}

@article{li2021benchmarking,
  author       = {Yanghao Li and
                  Saining Xie and
                  Xinlei Chen and
                  Piotr Doll{\'{a}}r and
                  Kaiming He and
                  Ross B. Girshick},
  title        = {Benchmarking Detection Transfer Learning with Vision Transformers},
  journal      = {CoRR},
  volume       = {abs/2111.11429},
  year         = {2021},
  url          = {https://arxiv.org/abs/2111.11429},
  eprinttype    = {arXiv},
  eprint       = {2111.11429},
  timestamp    = {Fri, 26 Nov 2021 13:48:43 +0100},
  biburl       = {https://dblp.org/rec/journals/corr/abs-2111-11429.bib},
  bibsource    = {dblp computer science bibliography, https://dblp.org}
}

@article{MousavianAFK16,
  author       = {Arsalan Mousavian and
                  Dragomir Anguelov and
                  John Flynn and
                  Jana Kosecka},
  title        = {3D Bounding Box Estimation Using Deep Learning and Geometry},
  journal      = {CoRR},
  volume       = {abs/1612.00496},
  year         = {2016},
  url          = {http://arxiv.org/abs/1612.00496},
  eprinttype    = {arXiv},
  eprint       = {1612.00496},
  timestamp    = {Mon, 13 Aug 2018 16:47:45 +0200},
  biburl       = {https://dblp.org/rec/journals/corr/MousavianAFK16.bib},
  bibsource    = {dblp computer science bibliography, https://dblp.org}
}

@article{Zhou2018open3d,
   author  = {Qian-Yi Zhou and Jaesik Park and Vladlen Koltun},
   title   = {{Open3D}: {A} Modern Library for {3D} Data Processing},
   journal = {arXiv:1801.09847},
   year    = {2018},
}

@article{opencv_library,
    author = {Bradski, G.},
    citeulike-article-id = {2236121},
    journal = {Dr. Dobb's Journal of Software Tools},
    keywords = {bibtex-import},
    posted-at = {2008-01-15 19:21:54},
    priority = {4},
    title = {{The OpenCV Library}},
    year = {2000}
}

@inproceedings{ngo2023isbnet,
    author={Tuan Duc Ngo and Binh-Son Hua and Khoi Nguyen},
    booktitle={Proceedings of the IEEE/CVF Conference on Computer Vision and Pattern Recognition (CVPR)},
    title={ISBNet: a 3D Point Cloud Instance Segmentation Network with Instance-aware Sampling and Box-aware Dynamic Convolution},
    year= {2023}
}

@inproceedings{zhuo17amodal3det,
    author = {Zhuo Deng and Longin Jan Latecki},
    booktitle = {Conference on Computer Vision and Pattern Recognition (CVPR)},
    title = {Amodal Detection of 3D Objects: Inferring 3D Bounding Boxes from 2D Ones in RGB-Depth Images},
    year = {2017},
    pages={398-406},
    doi={10.1109/CVPR.2017.50}
}

@article{carion2020endtoend,
  author       = {Nicolas Carion and
                  Francisco Massa and
                  Gabriel Synnaeve and
                  Nicolas Usunier and
                  Alexander Kirillov and
                  Sergey Zagoruyko},
  title        = {End-to-End Object Detection with Transformers},
  journal      = {CoRR},
  volume       = {abs/2005.12872},
  year         = {2020},
  url          = {https://arxiv.org/abs/2005.12872},
  eprinttype    = {arXiv},
  eprint       = {2005.12872},
  timestamp    = {Thu, 28 May 2020 17:38:09 +0200},
  biburl       = {https://dblp.org/rec/journals/corr/abs-2005-12872.bib},
  bibsource    = {dblp computer science bibliography, https://dblp.org}
}

@article{jain2023oneformer,
      title={{OneFormer: One Transformer to Rule Universal Image Segmentation}},
      author={Jitesh Jain and Jiachen Li and MangTik Chiu and Ali Hassani and Nikita Orlov and Humphrey Shi},
      journal={CVPR}, 
      year={2023}
}

@misc{oneformer-repo,
  author={Jitesh Jain and Jiachen Li and MangTik Chiu and Ali Hassani and Nikita Orlov and Humphrey Shi},
  title={{OneFormer: One Transformer to Rule Universal Image Segmentation [github repository]}},
  year={2023},
  url={https://github.com/SHI-Labs/OneFormer},
} 

@article{chang2015shapenet,
  author       = {Angel X. Chang and
                  Thomas A. Funkhouser and
                  Leonidas J. Guibas and
                  Pat Hanrahan and
                  Qi{-}Xing Huang and
                  Zimo Li and
                  Silvio Savarese and
                  Manolis Savva and
                  Shuran Song and
                  Hao Su and
                  Jianxiong Xiao and
                  Li Yi and
                  Fisher Yu},
  title        = {ShapeNet: An Information-Rich 3D Model Repository},
  journal      = {CoRR},
  volume       = {abs/1512.03012},
  year         = {2015},
  url          = {http://arxiv.org/abs/1512.03012},
  eprinttype    = {arXiv},
  eprint       = {1512.03012},
  timestamp    = {Thu, 08 Apr 2021 11:37:55 +0200},
  biburl       = {https://dblp.org/rec/journals/corr/ChangFGHHLSSSSX15.bib},
  bibsource    = {dblp computer science bibliography, https://dblp.org}
}

@article{objectron2021,
  title={Objectron: A Large Scale Dataset of Object-Centric Videos in the Wild with Pose Annotations},
  author={Adel Ahmadyan and Liangkai Zhang and Artsiom Ablavatski and Jianing Wei and Matthias Grundmann},
  journal={Proceedings of the IEEE Conference on Computer Vision and Pattern Recognition},
  year={2021},
  url={https://arxiv.org/abs/2012.09988},
  eprinttype={arXiv},
  eprint={2012.09988}
}

@article{ahmadyan2020instant,
  author       = {Adel Ahmadyan and
                  Tingbo Hou and
                  Jianing Wei and
                  Liangkai Zhang and
                  Artsiom Ablavatski and
                  Matthias Grundmann},
  title        = {Instant 3D Object Tracking with Applications in Augmented Reality},
  journal      = {CoRR},
  volume       = {abs/2006.13194},
  year         = {2020},
  url          = {https://arxiv.org/abs/2006.13194},
  eprinttype    = {arXiv},
  eprint       = {2006.13194},
  timestamp    = {Wed, 01 Jul 2020 15:21:23 +0200},
  biburl       = {https://dblp.org/rec/journals/corr/abs-2006-13194.bib},
  bibsource    = {dblp computer science bibliography, https://dblp.org}
}

@inproceedings{xiang2016objectnet3d,
  title     = {ObjectNet3D: A Large Scale Database for 3D Object Recognition},
  author    = {Xiang, Yu and Kim, Wonhui and Chen, Wei and Ji, Jingwei and Choy, Christopher and Su, Hao and Mottaghi, Roozbeh and Guibas, Leonidas and Savarese, Silvio},
  booktitle = {European Conference Computer Vision (ECCV)},
  year      = {2016}
}

@inproceedings{zeng20163dmatch,
    title={3DMatch: Learning Local Geometric Descriptors from RGB-D Reconstructions},
    author={Zeng, Andy and Song, Shuran and Nie{\ss}ner, Matthias and Fisher, Matthew and Xiao, Jianxiong and Funkhouser, Thomas},
    booktitle={CVPR},
    year={2017}
}

@misc{asad2022econet,
      title={ECONet: Efficient Convolutional Online Likelihood Network for Scribble-based Interactive Segmentation}, 
      author={Muhammad Asad and Lucas Fidon and Tom Vercauteren},
      year={2022},
      eprint={2201.04584},
      archivePrefix={arXiv},
      primaryClass={eess.IV}
}

@article{shinya2019understanding,
  author       = {Yosuke Shinya and
                  Edgar Simo{-}Serra and
                  Taiji Suzuki},
  title        = {Understanding the Effects of Pre-Training for Object Detectors via
                  Eigenspectrum},
  journal      = {CoRR},
  volume       = {abs/1909.04021},
  year         = {2019},
  url          = {http://arxiv.org/abs/1909.04021},
  eprinttype    = {arXiv},
  eprint       = {1909.04021},
  timestamp    = {Tue, 17 Sep 2019 11:23:44 +0200},
  biburl       = {https://dblp.org/rec/journals/corr/abs-1909-04021.bib},
  bibsource    = {dblp computer science bibliography, https://dblp.org}
}

@misc{labelbox,
  author={Labelbox},
  title={Labelbox},
  year={2023},
  url={https://labelbox.com}
}

@article{zhou2017voxelnet,
  author       = {Yin Zhou and
                  Oncel Tuzel},
  title        = {VoxelNet: End-to-End Learning for Point Cloud Based 3D Object Detection},
  journal      = {CoRR},
  volume       = {abs/1711.06396},
  year         = {2017},
  url          = {http://arxiv.org/abs/1711.06396},
  eprinttype    = {arXiv},
  eprint       = {1711.06396},
  timestamp    = {Mon, 13 Aug 2018 16:46:15 +0200},
  biburl       = {https://dblp.org/rec/journals/corr/abs-1711-06396.bib},
  bibsource    = {dblp computer science bibliography, https://dblp.org}
}

@article{shi2019pointrcnn,
  author       = {Shaoshuai Shi and
                  Xiaogang Wang and
                  Hongsheng Li},
  title        = {PointRCNN: 3D Object Proposal Generation and Detection from Point
                  Cloud},
  journal      = {CoRR},
  volume       = {abs/1812.04244},
  year         = {2018},
  url          = {http://arxiv.org/abs/1812.04244},
  eprinttype    = {arXiv},
  eprint       = {1812.04244},
  timestamp    = {Fri, 26 Feb 2021 08:54:51 +0100},
  biburl       = {https://dblp.org/rec/journals/corr/abs-1812-04244.bib},
  bibsource    = {dblp computer science bibliography, https://dblp.org}
}

@article{qi2018frustum,
  author       = {Charles Ruizhongtai Qi and
                  Wei Liu and
                  Chenxia Wu and
                  Hao Su and
                  Leonidas J. Guibas},
  title        = {Frustum PointNets for 3D Object Detection from {RGB-D} Data},
  journal      = {CoRR},
  volume       = {abs/1711.08488},
  year         = {2017},
  url          = {http://arxiv.org/abs/1711.08488},
  eprinttype    = {arXiv},
  eprint       = {1711.08488},
  timestamp    = {Wed, 11 Nov 2020 08:48:10 +0100},
  biburl       = {https://dblp.org/rec/journals/corr/abs-1711-08488.bib},
  bibsource    = {dblp computer science bibliography, https://dblp.org}
}

@misc{wu2019detectron2,
  author =       {Yuxin Wu and Alexander Kirillov and Francisco Massa and
                  Wan-Yen Lo and Ross Girshick},
  title =        {Detectron2},
  howpublished = {\url{https://github.com/facebookresearch/detectron2}},
  year =         {2019}
}

@inproceedings{liu2021Swin,
  title={Swin Transformer: Hierarchical Vision Transformer using Shifted Windows},
  author={Liu, Ze and Lin, Yutong and Cao, Yue and Hu, Han and Wei, Yixuan and Zhang, Zheng and Lin, Stephen and Guo, Baining},
  booktitle={Proceedings of the IEEE/CVF International Conference on Computer Vision (ICCV)},
  year={2021}
}

@Article{liu2022convnet,
  author  = {Zhuang Liu and Hanzi Mao and Chao-Yuan Wu and Christoph Feichtenhofer and Trevor Darrell and Saining Xie},
  title   = {A ConvNet for the 2020s},
  journal = {Proceedings of the IEEE/CVF Conference on Computer Vision and Pattern Recognition (CVPR)},
  year    = {2022},
}

@article{hassani2022dilated,
	title        = {Dilated Neighborhood Attention Transformer},
	author       = {Ali Hassani and Humphrey Shi},
	year         = 2022,
	url          = {https://arxiv.org/abs/2209.15001},
	eprint       = {2209.15001},
	archiveprefix = {arXiv},
	primaryclass = {cs.CV}
}

@inproceedings{deng2009imagenet,
  title={Imagenet: A large-scale hierarchical image database},
  author={Deng, Jia and Dong, Wei and Socher, Richard and Li, Li-Jia and Li, Kai and Fei-Fei, Li},
  booktitle={2009 IEEE conference on computer vision and pattern recognition},
  pages={248--255},
  year={2009},
  organization={Ieee}
}

@article{zhou2019semantic,
  title={Semantic understanding of scenes through the ade20k dataset},
  author={Zhou, Bolei and Zhao, Hang and Puig, Xavier and Xiao, Tete and Fidler, Sanja and Barriuso, Adela and Torralba, Antonio},
  journal={International Journal of Computer Vision},
  volume={127},
  number={3},
  pages={302--321},
  year={2019},
  publisher={Springer}
}

@inproceedings{zhou2017scene,
    title={Scene Parsing through ADE20K Dataset},
    author={Zhou, Bolei and Zhao, Hang and Puig, Xavier and Fidler, Sanja and Barriuso, Adela and Torralba, Antonio},
    booktitle={Proceedings of the IEEE Conference on Computer Vision and Pattern Recognition},
    year={2017}
}

@inproceedings{Cordts2016Cityscapes,
    title={The Cityscapes Dataset for Semantic Urban Scene Understanding},
    author={Cordts, Marius and Omran, Mohamed and Ramos, Sebastian and Rehfeld, Timo and Enzweiler, Markus and Benenson, Rodrigo and Franke, Uwe and Roth, Stefan and Schiele, Bernt},
    booktitle={Proc. of the IEEE Conference on Computer Vision and Pattern Recognition (CVPR)},
    year={2016}
}

@article{lin2015microsoft,
  author       = {Tsung{-}Yi Lin and
                  Michael Maire and
                  Serge J. Belongie and
                  Lubomir D. Bourdev and
                  Ross B. Girshick and
                  James Hays and
                  Pietro Perona and
                  Deva Ramanan and
                  Piotr Doll{\'{a}}r and
                  C. Lawrence Zitnick},
  title        = {Microsoft {COCO:} Common Objects in Context},
  journal      = {CoRR},
  volume       = {abs/1405.0312},
  year         = {2014},
  url          = {http://arxiv.org/abs/1405.0312},
  eprinttype    = {arXiv},
  eprint       = {1405.0312},
  timestamp    = {Mon, 13 Aug 2018 16:48:13 +0200},
  biburl       = {https://dblp.org/rec/journals/corr/LinMBHPRDZ14.bib},
  bibsource    = {dblp computer science bibliography, https://dblp.org}
}

@inproceedings{huggingface-transformers,
    author = {Wolf, Thomas and Debut, Lysandre and Sanh, Victor and Chaumond, Julien and Delangue, Clement and Moi, Anthony and Cistac, Perric and Ma, Clara and Jernite, Yacine and Plu, Julien and Xu, Canwen and Le Scao, Teven and Gugger, Sylvain and Drame, Mariama and Lhoest, Quentin and Rush, Alexander M.},
    month = oct,
    pages = {38--45},
    publisher = {Association for Computational Linguistics},
    title = {{Transformers: State-of-the-Art Natural Language Processing}},
    url = {https://www.aclweb.org/anthology/2020.emnlp-demos.6},
    year = {2020}
}

@inproceedings{cheng2021mask2former,
  title={Masked-attention Mask Transformer for Universal Image Segmentation},
  author={Bowen Cheng and Ishan Misra and Alexander G. Schwing and Alexander Kirillov and Rohit Girdhar},
  journal={CVPR},
  year={2022}
}

@article{zhu2020deformable,
  title={Deformable DETR: Deformable Transformers for End-to-End Object Detection},
  author={Zhu, Xizhou and Su, Weijie and Lu, Lewei and Li, Bin and Wang, Xiaogang and Dai, Jifeng},
  journal={arXiv preprint arXiv:2010.04159},
  year={2020}
}

@inproceedings{He2021dyco3d,
  title     =   {{DyCo3d}: Robust Instance Segmentation of 3D Point Clouds through Dynamic Convolution},
  author    =   {Tong He and Chunhua Shen and Anton van den Hengel},
  booktitle =   {Proceedings of the IEEE Conference on Computer Vision and Pattern Recognition (CVPR)},
  year      =   {2021}
}

@inproceedings{dai2017scannet,
    title={ScanNet: Richly-annotated 3D Reconstructions of Indoor Scenes},
    author={Dai, Angela and Chang, Angel X. and Savva, Manolis and Halber, Maciej and Funkhouser, Thomas and Nie{\ss}ner, Matthias},
    booktitle = {Proc. Computer Vision and Pattern Recognition (CVPR), IEEE},
    year = {2017}
}

@ARTICLE{armeni2017joint,
   author = {{Armeni}, I. and {Sax}, A. and {Zamir}, A.~R. and {Savarese}, S.
	},
    title = "{Joint 2D-3D-Semantic Data for Indoor Scene Understanding}",
  journal = {ArXiv e-prints},
archivePrefix = "arXiv",
   eprint = {1702.01105},
 primaryClass = "cs.CV",
 keywords = {Computer Science - Computer Vision and Pattern Recognition, Computer Science - Robotics},
     year = 2017,
    month = feb,
   adsurl = {http://adsabs.harvard.edu/abs/2017arXiv170201105A},
  adsnote = {Provided by the SAO/NASA Astrophysics Data System}
}

@inproceedings{Chen_2022_BMVC,
author    = {Meida Chen and Qingyong Hu and Zifan Yu and Hugues THOMAS and Andrew Feng and Yu Hou and Kyle McCullough and Fengbo Ren and Lucio Soibelman},
title     = {STPLS3D: A Large-Scale Synthetic and Real Aerial Photogrammetry 3D Point Cloud Dataset},
booktitle = {33rd British Machine Vision Conference 2022, {BMVC} 2022, London, UK, November 21-24, 2022},
publisher = {{BMVA} Press},
year      = {2022},
url       = {https://bmvc2022.mpi-inf.mpg.de/0429.pdf}
}

@article{he2015deep,
  author       = {Kaiming He and
                  Xiangyu Zhang and
                  Shaoqing Ren and
                  Jian Sun},
  title        = {Deep Residual Learning for Image Recognition},
  journal      = {CoRR},
  volume       = {abs/1512.03385},
  year         = {2015},
  url          = {http://arxiv.org/abs/1512.03385},
  eprinttype    = {arXiv},
  eprint       = {1512.03385},
  timestamp    = {Wed, 25 Jan 2023 11:01:16 +0100},
  biburl       = {https://dblp.org/rec/journals/corr/HeZRS15.bib},
  bibsource    = {dblp computer science bibliography, https://dblp.org}
}

@inproceedings{Silberman:ECCV12,
  author    = {Nathan Silberman, Derek Hoiem, Pushmeet Kohli and Rob Fergus},
  title     = {Indoor Segmentation and Support Inference from RGBD Images},
  booktitle = {ECCV},
  year      = {2012}
}

@INPROCEEDINGS {sunrgbd,
author = {S. Song and S. P. Lichtenberg and J. Xiao},
booktitle = {2015 IEEE Conference on Computer Vision and Pattern Recognition (CVPR)},
title = {SUN RGB-D: A RGB-D scene understanding benchmark suite},
year = {2015},
volume = {},
issn = {1063-6919},
pages = {567-576},
doi = {10.1109/CVPR.2015.7298655},
url = {https://doi.ieeecomputersociety.org/10.1109/CVPR.2015.7298655},
publisher = {IEEE Computer Society},
address = {Los Alamitos, CA, USA},
month = {jun}
}

@inproceedings{mobilenetv32019,
  title={Searching for MobileNetV3},
  author={Andrew Howard and Mark Sandler and Grace Chu and Liang-Chieh Chen and Bo Chen and Mingxing Tan and Weijun Wang and Yukun Zhu and Ruoming Pang and Vijay Vasudevan and Quoc V. Le and Hartwig Adam},
  booktitle={ICCV},
  year={2019}
}

=========================================================================
==========================NO DOCUMENT REFERENCE==========================
=========================================================================


@inproceedings{2driven3detection,
  author={Lahoud, Jean and Ghanem, Bernard},
  booktitle={2017 IEEE International Conference on Computer Vision (ICCV)}, 
  title={2D-Driven 3D Object Detection in RGB-D Images}, 
  year={2017},
  volume={},
  number={},
  pages={4632-4640},
  doi={10.1109/ICCV.2017.495}
}

@article{song2016deep,
  author       = {Shuran Song and
                  Jianxiong Xiao},
  title        = {Deep Sliding Shapes for Amodal 3D Object Detection in {RGB-D} Images},
  journal      = {CoRR},
  volume       = {abs/1511.02300},
  year         = {2015},
  url          = {http://arxiv.org/abs/1511.02300},
  eprinttype    = {arXiv},
  eprint       = {1511.02300},
  timestamp    = {Mon, 13 Aug 2018 16:48:31 +0200},
  biburl       = {https://dblp.org/rec/journals/corr/SongX15.bib},
  bibsource    = {dblp computer science bibliography, https://dblp.org}
}

@article{electronics11234010,
    AUTHOR = {Han, Guangjie and Zhu, Yintian and Liao, Lyuchao and Yao, Huiwen and Zhao, Zhaolin and Zheng, Qi},
    TITLE = {Hybrid Attention-Based 3D Object Detection with Differential Point Clouds},
    JOURNAL = {Electronics},
    VOLUME = {11},
    YEAR = {2022},
    NUMBER = {23},
    ARTICLE-NUMBER = {4010},
    URL = {https://www.mdpi.com/2079-9292/11/23/4010},
    ISSN = {2079-9292},
    DOI = {10.3390/electronics11234010}
}

@Article{sensors18103337,
    AUTHOR = {Yan, Yan and Mao, Yuxing and Li, Bo},
    TITLE = {SECOND: Sparsely Embedded Convolutional Detection},
    JOURNAL = {Sensors},
    VOLUME = {18},
    YEAR = {2018},
    NUMBER = {10},
    ARTICLE-NUMBER = {3337},
    URL = {https://www.mdpi.com/1424-8220/18/10/3337},
    PubMedID = {30301196},
    ISSN = {1424-8220},
    DOI = {10.3390/s18103337}
}

@article{xie2021unseen,
    author    = {Christopher Xie and Yu Xiang and Arsalan Mousavian and Dieter Fox},
    title     = {Unseen Object Instance Segmentation for Robotic Environments},
    journal   = {IEEE Transactions on Robotics (T-RO)},
    year      = {2021},
    volume    = {abs/2007.08073},
    url       = {https://arxiv.org/abs/2007.08073},
    eprinttype= {arXiv},
    eprint    = {2007.08073},
}

@inproceedings{xie2019uois,
    author    = {Christopher Xie and Yu Xiang and Arsalan Mousavian and Dieter Fox},
    title     = {The Best of Both Modes: Separately Leveraging RGB and Depth for Unseen Object Instance Segmentation},
    booktitle = {Conference on Robot Learning (CoRL)},
    year      = {2019},
    volume    = {abs/1907.13236},
    url       = {http://arxiv.org/abs/1907.13236},
    eprinttype= {arXiv},
    eprint    = {1907.13236},
}

@article{xiang2021learning,
  author       = {Yu Xiang and
                  Christopher Xie and
                  Arsalan Mousavian and
                  Dieter Fox},
  title        = {Learning {RGB-D} Feature Embeddings for Unseen Object Instance Segmentation},
  journal      = {CoRR},
  volume       = {abs/2007.15157},
  year         = {2020},
  url          = {https://arxiv.org/abs/2007.15157},
  eprinttype    = {arXiv},
  eprint       = {2007.15157},
  timestamp    = {Fri, 18 Nov 2022 17:35:28 +0100},
  biburl       = {https://dblp.org/rec/journals/corr/abs-2007-15157.bib},
  bibsource    = {dblp computer science bibliography, https://dblp.org}
}


@article{Geiger2013IJRR,
  author = {Andreas Geiger and Philip Lenz and Christoph Stiller and Raquel Urtasun},
  title = {Vision meets Robotics: The KITTI Dataset},
  journal = {International Journal of Robotics Research (IJRR)},
  year = {2013}
}

@misc{voxelnet-tensorflow20,
  author =       {David Stephane},
  title =        {Voxelnet (tensorflow 2.0.0)},
  howpublished = {\url{https://github.com/steph1793/Voxelnet}},
  year =         {2019}
}

@inproceedings{deeplabv3plus2018,
  title={Encoder-Decoder with Atrous Separable Convolution for Semantic Image Segmentation},
  author={Liang-Chieh Chen and Yukun Zhu and George Papandreou and Florian Schroff and Hartwig Adam},
  booktitle={ECCV},
  year={2018}
}

@article{chen2017rethinking,
  author       = {Liang{-}Chieh Chen and
                  George Papandreou and
                  Florian Schroff and
                  Hartwig Adam},
  title        = {Rethinking Atrous Convolution for Semantic Image Segmentation},
  journal      = {CoRR},
  volume       = {abs/1706.05587},
  year         = {2017},
  url          = {http://arxiv.org/abs/1706.05587},
  eprinttype    = {arXiv},
  eprint       = {1706.05587},
  timestamp    = {Mon, 13 Aug 2018 16:48:07 +0200},
  biburl       = {https://dblp.org/rec/journals/corr/ChenPSA17.bib},
  bibsource    = {dblp computer science bibliography, https://dblp.org}
}

@misc{voxelnet-pytorch,
  author =       {Billy HE},
  title =        {Voxelnet-Pytorch},
  howpublished = {\url{https://github.com/skyhehe123/VoxelNet-pytorch}},
  year =         {2018}
}

@misc{Jocher_YOLO_by_Ultralytics_2023,
    author = {Jocher, Glenn and Chaurasia, Ayush and Qiu, Jing},
    license = {AGPL-3.0},
    month = jan,
    title = {{YOLO by Ultralytics}},
    url = {https://github.com/ultralytics/ultralytics},
    version = {8.0.0},
    year = {2023}
}